
@Article{edwards,
  author = 	 {Edwards, D. E. and Havranek, T.},
  title = 	 {A Fast Procedure for Model Search in Multidimesional Contingency Tables},
  journal = 	 {Biometrika},
  year = 	 {1985},
  OPTkey = 	 {},
  volume = 	 {72},
  OPTnumber = 	 {},
  pages = 	 {339--351},
  OPTmonth = 	 {},
  OPTnote = 	 {},
  OPTannote = 	 {}
}

@TechReport{dobra,
  author = 	 {Dobra, Adrian and Tebaldi, Claudia and West, Mike},
  title = 	 {Reconstruction of Contingency Tables with Missing Data},
  institution =  {Duke University},
  year = 	 {2002},
  OPTkey = 	 {},
  OPTtype = 	 {},
  OPTnumber = 	 {},
  OPTaddress = 	 {},
  OPTmonth = 	 {},
  OPTnote = 	 {},
  OPTannote = 	 {}
}

@Manual{leisch,
  title = 	 {Sweave User Manual},
  OPTkey = 	 {},
  author = 	 {Friedrich Leisch},
  OPTorganization = {},
  OPTedition = 	 {},
  OPTmonth = 	 {},
  OPTyear = 	 {},
  OPTnote = 	 {www.ci.tuwien.ac.at{$/$}leisch{$/$}{$\sim$}Sweave},
  OPTannote = 	 {}
}

@book{agre:1990,
    Publisher = {Wiley},
    address = {New York},
    Pages = 572,
    Keywords = {Log-linear model},
    Author = {Agresti, Alan},
    Title = {Categorical Data Analysis},
    Year = 1990
}

@Article{booth:butler:1999,
  author = 	 {Booth, J.G. and Butler, R.W.},
  title = 	 {An Importance Sampling Algorithm for Exact
		  Conditional Test in Log-Linear Models},
  journal = 	 {Biometrika},
  year = 	 {1999},
  volume = 	 {86},
  pages = 	 {321--332}
}

@Article{caffo:booth:2000,
  author = 	 {Brian S. Caffo and James G. Booth},
  title = 	 {A Markov chain Monte Carlo Algorithm for approximating exact conditional probabilities},
  journal = 	 {the Journal of Compuatational and Graphical Statistics},
  volume = 10,
  pages = {730--745},
  year = 	2001
}

@Book{vr:2002,
  author = 	 {Venables, W. N. and Ripley, B. D.},
  title = 	 {Modern Applied Statistics with {S}},
  publisher = 	 {Springer},
  year = 	 {2002},
  address = 	 {New York},
  edition = 	 {Fourth}
}

